@article{cite1,
  title={IEEE 802.11 - Saturation Throughput Analysis},
  author={ Bianchi, G. },
  journal={IEEE COMMUNICATIONS LETTERS},
  year={1998},
}

@INPROCEEDINGS{cite2,
  author={Chatzimisios, P. and Vitsas, V. and Boucouvalas, A.C.},
  booktitle={Proceedings 3rd IEEE International Workshop on System-on-Chip for Real-Time Applications}, 
  title={Throughput and delay analysis of IEEE 802.11 protocol}, 
  year={2002},
  volume={},
  number={},
  pages={168-174},
  doi={10.1109/IWNA.2002.1241355}}

@article{cite3,
  title={Performance analysis of the IEEE 802.11 DCF in the presence of the hidden stations},
  author={ Hung, Fu Yi  and  Marsic, Ivan },
  journal={Computer Networks},
  volume={54},
  number={15},
  pages={2674-2687},
  year={2010},
}

@ARTICLE{cite4,
  author={Chen, Da Rui and Zhang, Ying Jun},
  journal={IEEE Communications Letters}, 
  title={Is Dynamic Backoff Effective for Multi-Rate WLANs?}, 
  year={2007},
  volume={11},
  number={8},
  pages={647-649},
  doi={10.1109/LCOMM.2007.070556}}

@book{book1,
  title={随机过程.第4版},
  author={刘次华},
  publisher={随机过程.第4版},
  year={2008},
}